@article{jordon2022,
  title={Synthetic data generation},
  author={Jordon, James and others},
  journal={Journal of Machine Learning Research},
  year={2022}
}

@article{goyal2024,
  title={Synthetic data for machine learning},
  author={Goyal, A and Mahmoud, B},
  journal={Artificial Intelligence Review},
  year={2024}
}

@article{goodfellow2014,
  title={Generative adversarial nets},
  author={Goodfellow, Ian and others},
  journal={Advances in Neural Information Processing Systems},
  year={2014}
}

@article{kingma2013,
  title={Auto-encoding variational bayes},
  author={Kingma, Diederik P and Welling, Max},
  journal={arXiv preprint arXiv:1312.6114},
  year={2013}
}
